<?xml version="1.0" encoding="UTF-8"?>
  <record xmlns="http://www.loc.gov/MARC21/slim" type="Authority">
    <leader>00000nz  a2200000nc 4500</leader>
    <controlfield tag="001">118988328</controlfield>
    <controlfield tag="003">DE-101</controlfield>
    <controlfield tag="005">20200415003109.0</controlfield>
    <controlfield tag="008">910821n||azznnaabn           | aaa    |c</controlfield>
    <datafield tag="024" ind1="7" ind2=" ">
      <subfield code="a">118988328</subfield>
      <subfield code="0">http://d-nb.info/gnd/118988328</subfield>
      <subfield code="2">gnd</subfield>
    </datafield>
    <datafield tag="035" ind1=" " ind2=" ">
      <subfield code="a">(DE-101)118988328</subfield>
    </datafield>
    <datafield tag="035" ind1=" " ind2=" ">
      <subfield code="a">(DE-588)118988328</subfield>
    </datafield>
    <datafield tag="035" ind1=" " ind2=" ">
      <subfield code="z">(DE-588)159068045</subfield>
    </datafield>
    <datafield tag="035" ind1=" " ind2=" ">
      <subfield code="z">(DE-588a)159068045</subfield>
      <subfield code="9">v:zg</subfield>
    </datafield>
    <datafield tag="035" ind1=" " ind2=" ">
      <subfield code="z">(DE-588)1089535872</subfield>
    </datafield>
    <datafield tag="035" ind1=" " ind2=" ">
      <subfield code="z">(DE-588a)118988328</subfield>
      <subfield code="9">v:zg</subfield>
    </datafield>
    <datafield tag="035" ind1=" " ind2=" ">
      <subfield code="z">(DE-588a)154767964</subfield>
    </datafield>
    <datafield tag="035" ind1=" " ind2=" ">
      <subfield code="z">(DE-588c)4264864-6</subfield>
      <subfield code="9">v:zg</subfield>
    </datafield>
    <datafield tag="040" ind1=" " ind2=" ">
      <subfield code="a">DE-12</subfield>
      <subfield code="c">DE-12</subfield>
      <subfield code="9">r:DE-12</subfield>
      <subfield code="b">ger</subfield>
      <subfield code="d">9999</subfield>
    </datafield>
    <datafield tag="042" ind1=" " ind2=" ">
      <subfield code="a">gnd1</subfield>
    </datafield>
    <datafield tag="043" ind1=" " ind2=" ">
      <subfield code="c">XA-FR</subfield>
    </datafield>
    <datafield tag="065" ind1=" " ind2=" ">
      <subfield code="a">16.5p</subfield>
      <subfield code="2">sswd</subfield>
    </datafield>
    <datafield tag="075" ind1=" " ind2=" ">
      <subfield code="b">p</subfield>
      <subfield code="2">gndgen</subfield>
    </datafield>
    <datafield tag="075" ind1=" " ind2=" ">
      <subfield code="b">piz</subfield>
      <subfield code="2">gndspec</subfield>
    </datafield>
    <datafield tag="079" ind1=" " ind2=" ">
      <subfield code="a">g</subfield>
      <subfield code="q">a</subfield>
      <subfield code="q">f</subfield>
      <subfield code="q">s</subfield>
    </datafield>
    <datafield tag="100" ind1="0" ind2=" ">
      <subfield code="a">Karl Emanuel</subfield>
      <subfield code="b">I.</subfield>
      <subfield code="c">Savoyen, Herzog</subfield>
      <subfield code="d">1562-1630</subfield>
    </datafield>
    <datafield tag="400" ind1="0" ind2=" ">
      <subfield code="9">L:fre</subfield>
      <subfield code="a">Charles-Emmanuel</subfield>
      <subfield code="b">I.</subfield>
      <subfield code="c">Savoye, duc</subfield>
      <subfield code="d">1562-1630</subfield>
      <subfield code="5">CH-GND</subfield>
    </datafield>
    <datafield tag="400" ind1="0" ind2=" ">
      <subfield code="9">L:eng</subfield>
      <subfield code="a">Charles Emmanuel</subfield>
      <subfield code="b">I.</subfield>
      <subfield code="c">Savoy, Duke</subfield>
      <subfield code="d">1562-1630</subfield>
      <subfield code="5">CH-GND</subfield>
    </datafield>
    <datafield tag="400" ind1="0" ind2=" ">
      <subfield code="a">Carl Emmanuel</subfield>
      <subfield code="b">I.</subfield>
      <subfield code="c">Savoyen, Herzog</subfield>
      <subfield code="d">1562-1630</subfield>
    </datafield>
    <datafield tag="400" ind1="0" ind2=" ">
      <subfield code="a">Carlo Emanuele</subfield>
      <subfield code="b">I.</subfield>
      <subfield code="c">Savoyen, Herzog</subfield>
      <subfield code="d">1562-1630</subfield>
    </datafield>
    <datafield tag="400" ind1="0" ind2=" ">
      <subfield code="a">Carlo Emanuello</subfield>
      <subfield code="c">Savoia, Duca</subfield>
      <subfield code="d">1562-1630</subfield>
    </datafield>
    <datafield tag="400" ind1="0" ind2=" ">
      <subfield code="a">Carolus Emanuel</subfield>
      <subfield code="c">Ducis Sabaudie</subfield>
      <subfield code="d">1562-1630</subfield>
    </datafield>
    <datafield tag="400" ind1="0" ind2=" ">
      <subfield code="a">Carolus Emanuel</subfield>
      <subfield code="c">Pedemontium, Princeps</subfield>
      <subfield code="d">1562-1630</subfield>
    </datafield>
    <datafield tag="400" ind1="0" ind2=" ">
      <subfield code="a">Carolus Emanuel</subfield>
      <subfield code="b">I.</subfield>
      <subfield code="c">Sabaudia, Dux</subfield>
      <subfield code="d">1562-1630</subfield>
    </datafield>
    <datafield tag="400" ind1="0" ind2=" ">
      <subfield code="a">Carolus Immanuel</subfield>
      <subfield code="c">Pedemontium, Princeps</subfield>
      <subfield code="d">1562-1630</subfield>
    </datafield>
    <datafield tag="400" ind1="0" ind2=" ">
      <subfield code="a">Carolus Immanuel</subfield>
      <subfield code="b">I.</subfield>
      <subfield code="c">Sabaudia, Dux</subfield>
      <subfield code="d">1562-1630</subfield>
    </datafield>
    <datafield tag="400" ind1="0" ind2=" ">
      <subfield code="a">Charles</subfield>
      <subfield code="b">I.</subfield>
      <subfield code="c">Savoie, Duc</subfield>
      <subfield code="d">1562-1630</subfield>
    </datafield>
    <datafield tag="400" ind1="0" ind2=" ">
      <subfield code="a">Charles Emmanuel</subfield>
      <subfield code="b">I.</subfield>
      <subfield code="c">Savoie, Duc</subfield>
      <subfield code="d">1562-1630</subfield>
    </datafield>
    <datafield tag="400" ind1="0" ind2=" ">
      <subfield code="a">Charles-Emmanuel</subfield>
      <subfield code="c">le Grand</subfield>
      <subfield code="d">1562-1630</subfield>
    </datafield>
    <datafield tag="400" ind1="0" ind2=" ">
      <subfield code="a">Karl Emanuel</subfield>
      <subfield code="c">der Große</subfield>
      <subfield code="d">1562-1630</subfield>
    </datafield>
    <datafield tag="400" ind1="0" ind2=" ">
      <subfield code="a">Karl Emanuel</subfield>
      <subfield code="c">Stadtamhof, Fürst</subfield>
      <subfield code="d">1562-1630</subfield>
    </datafield>
    <datafield tag="400" ind1="0" ind2=" ">
      <subfield code="a">Karl Emmanuel</subfield>
      <subfield code="c">der Große</subfield>
      <subfield code="d">1562-1630</subfield>
    </datafield>
    <datafield tag="400" ind1="0" ind2=" ">
      <subfield code="a">Karl Emmanuel</subfield>
      <subfield code="b">I.</subfield>
      <subfield code="c">Savoyen, Herzog</subfield>
      <subfield code="d">1562-1630</subfield>
    </datafield>
    <datafield tag="400" ind1="0" ind2=" ">
      <subfield code="a">Carlo Emanuele</subfield>
      <subfield code="b">I.</subfield>
      <subfield code="c">Savoia, Duca</subfield>
      <subfield code="d">1562-1630</subfield>
    </datafield>
    <datafield tag="400" ind1="0" ind2=" ">
      <subfield code="a">Carlo Emanuele</subfield>
      <subfield code="c">Duca di Savoia</subfield>
      <subfield code="d">1562-1630</subfield>
    </datafield>
    <datafield tag="400" ind1="0" ind2=" ">
      <subfield code="a">Carlo Emanuele</subfield>
      <subfield code="c">Savoia, Duca</subfield>
      <subfield code="d">1562-1630</subfield>
    </datafield>
    <datafield tag="500" ind1="0" ind2=" ">
      <subfield code="0">(DE-101)118684450</subfield>
      <subfield code="0">(DE-588)118684450</subfield>
      <subfield code="0">https://d-nb.info/gnd/118684450</subfield>
      <subfield code="a">Emanuel Philibert</subfield>
      <subfield code="c">Savoyen, Herzog</subfield>
      <subfield code="d">1528-1580</subfield>
      <subfield code="4">bezf</subfield>
      <subfield code="4">https://d-nb.info/standards/elementset/gnd#familialRelationship</subfield>
      <subfield code="w">r</subfield>
      <subfield code="i">Beziehung familiaer</subfield>
      <subfield code="e">Beziehung familiaer</subfield>
      <subfield code="9">v:Vater</subfield>
    </datafield>
    <datafield tag="500" ind1="0" ind2=" ">
      <subfield code="0">(DE-101)135979773</subfield>
      <subfield code="0">(DE-588)135979773</subfield>
      <subfield code="0">https://d-nb.info/gnd/135979773</subfield>
      <subfield code="a">Viktor Amadeus</subfield>
      <subfield code="b">I.</subfield>
      <subfield code="c">Savoyen, Herzog</subfield>
      <subfield code="d">1587-1637</subfield>
      <subfield code="4">bezf</subfield>
      <subfield code="4">https://d-nb.info/standards/elementset/gnd#familialRelationship</subfield>
      <subfield code="w">r</subfield>
      <subfield code="i">Beziehung familiaer</subfield>
      <subfield code="e">Beziehung familiaer</subfield>
      <subfield code="9">v:Sohn</subfield>
    </datafield>
    <datafield tag="548" ind1=" " ind2=" ">
      <subfield code="a">1562-1630</subfield>
      <subfield code="4">datl</subfield>
      <subfield code="4">https://d-nb.info/standards/elementset/gnd#dateOfBirthAndDeath</subfield>
      <subfield code="w">r</subfield>
      <subfield code="i">Lebensdaten</subfield>
    </datafield>
    <datafield tag="548" ind1=" " ind2=" ">
      <subfield code="a">12.01.1562-26.07.1630</subfield>
      <subfield code="4">datx</subfield>
      <subfield code="4">https://d-nb.info/standards/elementset/gnd#dateOfBirthAndDeath</subfield>
      <subfield code="w">r</subfield>
      <subfield code="i">Exakte Lebensdaten</subfield>
    </datafield>
    <datafield tag="551" ind1=" " ind2=" ">
      <subfield code="0">(DE-101)945642482</subfield>
      <subfield code="0">(DE-588)4387487-3</subfield>
      <subfield code="0">https://d-nb.info/gnd/4387487-3</subfield>
      <subfield code="a">Rivoli</subfield>
      <subfield code="4">ortg</subfield>
      <subfield code="4">https://d-nb.info/standards/elementset/gnd#placeOfBirth</subfield>
      <subfield code="w">r</subfield>
      <subfield code="i">Geburtsort</subfield>
    </datafield>
    <datafield tag="551" ind1=" " ind2=" ">
      <subfield code="0">(DE-101)95079418X</subfield>
      <subfield code="0">(DE-588)4461014-2</subfield>
      <subfield code="0">https://d-nb.info/gnd/4461014-2</subfield>
      <subfield code="a">Savigliano</subfield>
      <subfield code="4">orts</subfield>
      <subfield code="4">https://d-nb.info/standards/elementset/gnd#placeOfDeath</subfield>
      <subfield code="w">r</subfield>
      <subfield code="i">Sterbeort</subfield>
    </datafield>
    <datafield tag="667" ind1=" " ind2=" ">
      <subfield code="a">12</subfield>
    </datafield>
    <datafield tag="667" ind1=" " ind2=" ">
      <subfield code="a">384</subfield>
    </datafield>
    <datafield tag="667" ind1=" " ind2=" ">
      <subfield code="a">VD-17</subfield>
    </datafield>
    <datafield tag="670" ind1=" " ind2=" ">
      <subfield code="a">LUI</subfield>
    </datafield>
    <datafield tag="670" ind1=" " ind2=" ">
      <subfield code="a">Wikipedia</subfield>
      <subfield code="u">https://de.wikipedia.org/wiki/Karl_Emanuel_I.</subfield>
    </datafield>
    <datafield tag="672" ind1=" " ind2="0">
      <subfield code="a">The oracle of Savoy. - 1600</subfield>
    </datafield>
    <datafield tag="672" ind1=" " ind2="0">
      <subfield code="a">Exemplum epistolae, ad S. Caes. Maiest. Caroli Emanuelis, Ducis Sabaudiae, et Pedemontium ... - 1616</subfield>
    </datafield>
    <datafield tag="672" ind1=" " ind2="0">
      <subfield code="a">Quelli della natione Inglese, .... - [1629]</subfield>
    </datafield>
    <datafield tag="678" ind1=" " ind2=" ">
      <subfield code="b">Herzog von Savoyen seit 1580</subfield>
    </datafield>
    <datafield tag="913" ind1=" " ind2=" ">
      <subfield code="S">pnd</subfield>
      <subfield code="i">5</subfield>
      <subfield code="a">Carlo Emanuele &lt;Savoia, Duca, I.&gt;</subfield>
      <subfield code="0">(DE-588a)118988328</subfield>
    </datafield>
    <datafield tag="913" ind1=" " ind2=" ">
      <subfield code="S">pnd</subfield>
      <subfield code="i">5</subfield>
      <subfield code="a">Karl Emanuel &lt;Savoyen, Herzog, I.&gt;</subfield>
      <subfield code="0">(DE-588a)118988328</subfield>
    </datafield>
    <datafield tag="913" ind1=" " ind2=" ">
      <subfield code="S">pnd</subfield>
      <subfield code="i">5</subfield>
      <subfield code="a">Carlo Emanuele I.</subfield>
      <subfield code="0">(DE-588a)159068045</subfield>
    </datafield>
  </record>
